@article{underwood1978hypovitaminosis,
  title={Hypovitaminosis A and its control},
  author={Underwood, Barbara A},
  journal={Bulletin of the World Health Organization},
  volume={56},
  number={4},
  pages={525},
  year={1978},
  publisher={World Health Organization}
}

@article{haidar1999malnutrition,
  title={Malnutrition and xerophthalmia in rural communities of Ethiopia.},
  author={Haidar, J and Demissie, Tsegaye},
  journal={East African medical journal},
  volume={76},
  number={10},
  pages={590--593},
  year={1999}
}

@article{sommer1992vitamin,
  title={Vitamin A deficiency and childhood mortality},
  author={Sommer, Alfred},
  journal={The Lancet},
  volume={340},
  number={8817},
  pages={488--489},
  year={1992},
  publisher={Elsevier}
}

@article{wolde1993severe,
  title={Severe vitamin A deficiency in a rural village in the Hararge region of Ethiopia.},
  author={Wolde-Gebriel, Zewdie and Gebru, Haile and Fisseha, Tezera and West, CE},
  journal={European journal of clinical nutrition},
  volume={47},
  number={2},
  pages={104--114},
  year={1993}
}

@article{low2007food,
  title={A food-based approach introducing orange-fleshed sweet potatoes increased vitamin A intake and serum retinol concentrations in young children in rural Mozambique},
  author={Low, Jan W and Arimond, Mary and Osman, Nadia and Cunguara, Benedito and Zano, Filipe and Tschirley, David},
  journal={The Journal of nutrition},
  volume={137},
  number={5},
  pages={1320--1327},
  year={2007},
  publisher={Am Soc Nutrition}
}

@article{hagenimana1999effects,
  title={The effects of women farmers adoption of orange-fleshed sweet potatoes: raising vitamin A intake in Kenya.},
  author={Hagenimana, Vital and Oyunga, Mary Anyango and Low, Jan and Njoroge, SM and Gichuki, Simon T},
  year={1999},
  publisher={Washington DC International Center for Research on Women [ICRW] 1999 Jun.}
}

@article{schady2008cash,
  title={Are cash transfers made to women spent like other sources of income?},
  author={Schady, Norbert and Rosero, Jos{\'e}},
  journal={Economics Letters},
  volume={101},
  number={3},
  pages={246--248},
  year={2008},
  publisher={Elsevier}
}

@article{silva2005environmental,
  title={Environmental factors and children's malnutrition in Ethiopia},
  author={Silva, Patricia},
  journal={World Bank Policy Research Working Paper},
  number={3489},
  year={2005}
}

@inproceedings{low2001potential,
  title={The potential impact of orange-fleshed sweet potatoes on vitamin A intake in Sub-Saharan Africa},
  author={Low, Jan and Walker, Thomas and Hijmans, Robert},
  booktitle={A paper presented at a regional workshop on food based approaches to human nutritional deficiencies},
  pages={9--11},
  year={2001}
}

@phdthesis{belehu2003agronomical,
  title={Agronomical and physiological factors affecting growth, development and yield of sweet potato in Ethiopia},
  author={Belehu, Terefe},
  year={2003},
  school={University of Pretoria}
}

@article{demissie2010magnitude,
  title={Magnitude and distribution of vitamin A deficiency in Ethiopia},
  author={Demissie, Tsegaye and Ali, Ahmed and Mekonen, Yared and Haider, Jemal and Umeta, Melaku},
  journal={Food \& Nutrition Bulletin},
  volume={31},
  number={2},
  pages={234--241},
  year={2010},
  publisher={Nevin Scrimshaw International Nutrition Foundation}
}

@inproceedings{gelalcha2000milling,
  title={Milling and baking quality of Ethiopian bread wheat cultivars.},
  author={Gelalcha, Solomon and Debelo, Desalegn and Girma, Bedada and Payne, Thomas and Alemayehu, Zewdie and Yaie, Balcha and others},
  booktitle={The Eleventh Regional Wheat Workshop for Eastern, Central and Southern Africa, Addis Ababa, Ethiopia, 18-22 September, 2000.},
  pages={87--96},
  year={2000},
  organization={International Maize and Wheat Improvement Centre (CIMMYT)}
}

@article{demissie2007process,
  title={Process evaluation of an EPI-integrated vitamin A capsule delivery programme in KAT zone, southern Ethiopia},
  author={Demissie, Tsegaye and Haider, Jemal and Tibeb, Hana Neka},
  journal={South African Journal of Clinical Nutrition},
  year={2007}
}

@article{semba2008coverage,
  title={Coverage of the national vitamin A supplementation program in Ethiopia},
  author={Semba, Richard D and de Pee, Saskia and Sun, Kai and Bloem, Martin W and Raju, VK},
  journal={Journal of tropical pediatrics},
  volume={54},
  number={2},
  pages={141--144},
  year={2008},
  publisher={Oxford Univ Press}
}

@article{world2009global,
  title={Global prevalence of vitamin A deficiency in populations at risk 1995-2005: WHO global database on vitamin A deficiency},
  author={WHO},
  year={2009},
  publisher={Geneva: World Health Organization}
}

@article{semba1994maternal,
  title={Maternal vitamin A deficiency and mother-to-child transmission of HIV-1},
  author={Semba, Richard D and Chiphangwi, JD and Miotti, PG and Dallabetta, GA and Hoover, DR and Canner, JK and Saah, Aj},
  journal={The Lancet},
  volume={343},
  number={8913},
  pages={1593--1597},
  year={1994},
  publisher={Elsevier}
}